
@online{calpolyFourier,
author = "web.calpoly.edu",
title = "Fourier Series of Selected Waveforms",
url = "https://web.calpoly.edu/~fowen/me318/FourierSeriesTable.pdf",
}
